<?xml version="1.0" encoding="UTF-8"?><collection xmlns="http://www.loc.gov/MARC21/slim"><record><leader>00520nam--2200181-i-4500</leader><controlfield tag="001">000032373</controlfield><controlfield tag="002">20161230</controlfield><controlfield tag="005">20161230201039</controlfield><controlfield tag="008">060222s1000------------r-----000-0-eng-d</controlfield><datafield ind1=" " ind2=" " tag="040"><subfield code="a">IFIN-HH</subfield></datafield><datafield ind1=" " ind2=" " tag="080"><subfield code="a">53</subfield></datafield><datafield ind1="1" ind2=" " tag="100"><subfield code="a">Murray, R.L</subfield></datafield><datafield ind1="1" ind2="0" tag="245"><subfield code="a">Tables of for reactor slabs, cylinders and spheres, n=1 to n=20</subfield><subfield code="c">R.l. murray, l.a. mink</subfield></datafield><datafield ind1=" " ind2=" " tag="260"><subfield code="a">Raleigh, North Carolina</subfield><subfield code="b">Department Of Engineering Research</subfield><subfield code="c">1958</subfield></datafield><datafield ind1=" " ind2=" " tag="300"><subfield code="a">56P</subfield></datafield><datafield ind1="1" ind2=" " tag="700"><subfield code="a">Mink, L.A</subfield></datafield><datafield ind1=" " ind2=" " tag="852"><subfield code="a">16498</subfield><subfield code="c">53.081</subfield></datafield><datafield ind1=" " ind2=" " tag="CAT"><subfield code="a">Sys</subfield><subfield code="c">20151119</subfield><subfield code="h">133020</subfield></datafield></record></collection>